% This file was created with JabRef 2.7.2.
% Encoding: UTF-8

@MISC{fife,
  title = {FIFE community \& development blog},
  note = {Abgerufen am 12.01.2012},
  owner = {k},
  timestamp = {2012.01.17},
  url = {http://fifengine.net/}
}

@MISC{uh,
  title = {Unknown Horizons Website},
  note = {Abgerufen am 17.01.2012},
  owner = {k},
  timestamp = {2012.01.17},
  url = {http://www.unknown-horizons.org/}
}

@MISC{uhlogs,
  title = {Unknown Horizons Meeting Logs},
  note = {Abgerufen am 17.01.2012},
  owner = {k},
  timestamp = {2012.01.17},
  url = {http://meetings.christoph-egger.org/unknown-horizons/}
}

@comment{jabref-meta: selector_publisher:}

@comment{jabref-meta: selector_author:}

@comment{jabref-meta: selector_journal:}

@comment{jabref-meta: selector_keywords:}

